@book{ latexsource,
       author = "Leslie Lamport",
       title = "LATEX : a document preparation system",
       year = "1986",
       publisher = "Addison-Wesley Pub. Co.",
       isbn="020115790X"}